@inproceedings{Antin,
    title={Badges in social media: A social psychological perspective},
    author={Antin, Judd and Churchill, Elizabeth F},
    booktitle={CHI 2011 Gamification Workshop Proceedings (Vancouver, BC, Canada, 2011)},
    year={2011},
}

@inproceedings{Bosu,
    title={Building reputation in stackoverflow: an empirical investigation},
    author={Bosu, Amiangshu and Corley, Christopher S and Heaton, Dustin and Chatterji, Debarshi and Carver, Jeffrey C and Kraft, Nicholas A},
    booktitle={Proceedings of the 10th Working Conference on Mining Software Repositories},
    pages={89--92},
    year={2013},
    organization={IEEE Press},
}

@inproceedings{Caponetto,
    title={Gamification and Education: A Literature Review},
    author={Caponetto, Ilaria and Earp, Jeffrey and Ott, Michela},
    booktitle={ECGBL2014-8th European Conference on Games Based Learning: ECGBL2014},
    pages={50},
    year={2014},
    organization={Academic Conferences and Publishing International},
}

@inproceedings{Cavusoglu,
    title={Can Gamification Motivate Voluntary Contributions?: The Case of StackOverflow Q\&A Community},
    author={Cavusoglu, Huseyin and Li, Zhuolun and Huang, Ke-Wei},
    booktitle={Proceedings of the 18th ACM Conference Companion on Computer Supported Cooperative Work \& Social Computing},
    pages={171--174},
    year={2015},
    organization={ACM},
}

@inproceedings{Deterding,
    title={Gamification. using game-design elements in non-gaming contexts},
    author={Deterding, Sebastian and Sicart, Miguel and Nacke, Lennart and O'Hara, Kenton and Dixon, Dan},
    booktitle={CHI'11 Extended Abstracts on Human Factors in Computing Systems},
    pages={2425--2428},
    year={2011},
    organization={ACM},
}

@incollection{Easterbrook,
    title={Selecting empirical methods for software engineering research},
    author={Easterbrook, Steve and Singer, Janice and Storey, Margaret-Anne and Damian, Daniela},
    booktitle={Guide to advanced empirical software engineering},
    pages={285--311},
    year={2008},
    publisher={Springer},
}

@article{Jin,
    title={Quick Trigger on Stack Overflow: A Study of Gamification-influenced Member Tendencies},
    author={Jin, Yong and Yang, Xin and Kula, Raula Gaikovina and Choi, Eunjong and Inoue, Katsuro and Iida, Hajimu},
    year={1916},
}

@inproceedings{Marder,
    title={Stack overflow badges and user behavior: an econometric approach},
    author={Marder, Andrew},
    booktitle={Proceedings of the 12th Working Conference on Mining Software Repositories},
    pages={450--453},
    year={2015},
    organization={IEEE Press},
}

@book{McGonigal,
    title={Reality is broken: Why games make us better and how they can change the world},
    author={McGonigal, Jane},
    year={2011},
    publisher={Penguin},
}

@inproceedings{Hamari,
    author={Hamari, J. and Koivisto, J. and Sarsa, H.},
    booktitle={System Sciences (HICSS), 2014 47th Hawaii International Conference on},
    title={Does Gamification Work? -- A Literature Review of Empirical Studies on Gamification},
    year={2014},
    pages={3025-3034},
    keywords={behavioural sciences;game theory;dependent variables;empirical studies;gamification work;gamified systems;independent variables;literature review;psychological-behavioral outcomes;Context;Databases;Educational institutions;Games;Libraries;Psychology;HCI;gamification;motivation;motivational affordance;persuasive technology},
    doi={10.1109/HICSS.2014.377},
    month={Jan},
}

@inproceedings{Rughinis,
    title={Gamification for productive interaction: Reading and working with the gamification debate in education},
    author={Rughinis, Razvan},
    booktitle={Information Systems and Technologies (CISTI), 2013 8th Iberian Conference on},
    pages={1--5},
    year={2013},
    organization={IEEE},
}

@article{Ryan,
    year={2006},
    issn={0146-7239},
    journal={Motivation and Emotion},
    volume={30},
    number={4},
    doi={10.1007/s11031-006-9051-8},
    title={The Motivational Pull of Video Games: A Self-Determination Theory Approach},
    url={http://dx.doi.org/10.1007/s11031-006-9051-8},
    publisher={Springer US},
    keywords={Computer games; Motivation; Self-determination theory},
    author={Ryan, RichardM. and Rigby, C.Scott and Przybylski, Andrew},
    pages={344-360},
    language={English},
}


@inproceedings{Slag,
    author={Slag, R. and de Waard, M. and Bacchelli, A.},
    booktitle={Mining Software Repositories (MSR), 2015 IEEE/ACM 12th Working Conference on},
    title={One-Day Flies on StackOverflow - Why the Vast Majority of StackOverflow Users Only Posts Once},
    year={2015},
    pages={458-461},
    keywords={Web sites;question answering (information retrieval);software engineering;Q&A platform;SO;StackOverflow;one-day flies;question and answer platform;software development;Communities;Data mining;Databases;Market research;Negative feedback;Software;Standards;one-day flies;stack overflow;user analysis},
    doi={10.1109/MSR.2015.63},
    month={May},
}

@inproceedings{Vasilescu,
    author={Vasilescu, B. and Filkov, V. and Serebrenik, A.},
    booktitle={Social Computing (SocialCom), 2013 International Conference on},
    title={StackOverflow and GitHub: Associations between Software Development and Crowdsourced Knowledge},
    year={2013},
    pages={188-195},
    keywords={knowledge based systems;software maintenance;GitHub;StackOverflow;crowdsourced knowledge;online programming question-and-answer community;social coding repository;software development;Communities;Electronic mail;Indexes;Merging;Productivity;Rhythm;Software;crowdsourced knowledge;social media;software development},
    doi={10.1109/SocialCom.2013.35},
    month={Sept},
}

@inproceedings{Wang,
    author = {Wang, Shaowei and Lo, David and Jiang, Lingxiao},
    title = {An Empirical Study on Developer Interactions in StackOverflow},
    booktitle = {Proceedings of the 28th Annual ACM Symposium on Applied Computing},
    series = {SAC '13},
    year = {2013},
    isbn = {978-1-4503-1656-9},
    location = {Coimbra, Portugal},
    pages = {1019--1024},
    numpages = {6},
    url = {http://doi.acm.org.ezproxy.library.uvic.ca/10.1145/2480362.2480557},
    doi = {10.1145/2480362.2480557},
    acmid = {2480557},
    publisher = {ACM},
    address = {New York, NY, USA},
    keywords = {developer forum mining, developer interaction mining, latent dirichlet allocation (LDA)},
}

@article{Hagglund,
  title={Taking gamification to the next level},
  author={H{\"a}gglund, Per},
  year={2012}
}